<record><leader>00000cas a2200000Ma 4500</leader><controlfield tag="001">960070936</controlfield><controlfield tag="008">850130d185u1854caudn ne      0    1eng d</controlfield><datafield ind1=" " ind2=" " tag="010"><subfield code="a">sn 85025301 </subfield></datafield><datafield ind1=" " ind2=" " tag="040"><subfield code="a">HUV</subfield><subfield code="b">eng</subfield><subfield code="c">HUV</subfield><subfield code="d">OCLCQ</subfield></datafield><datafield ind1="0" ind2="4" tag="245"><subfield code="a">The Daily California courier.</subfield></datafield><datafield ind1="1" ind2="0" tag="247"><subfield code="a">California daily courier</subfield></datafield><datafield ind1="1" ind2="0" tag="247"><subfield code="a">California courier</subfield></datafield><datafield ind1="1" ind2="0" tag="247"><subfield code="a">Pacific courier</subfield></datafield><datafield ind1=" " ind2=" " tag="260"><subfield code="a">San Francisco, Calif. :</subfield><subfield code="b">J.M. Crane</subfield></datafield><datafield ind1=" " ind2=" " tag="300"><subfield code="a">volumes</subfield></datafield><datafield ind1=" " ind2=" " tag="310"><subfield code="a">Daily (except Sun.)</subfield></datafield><datafield ind1=" " ind2=" " tag="336"><subfield code="a">text</subfield><subfield code="b">txt</subfield><subfield code="2">rdacontent</subfield></datafield><datafield ind1=" " ind2=" " tag="337"><subfield code="a">unmediated</subfield><subfield code="b">n</subfield><subfield code="2">rdamedia</subfield></datafield><datafield ind1=" " ind2=" " tag="338"><subfield code="a">volume</subfield><subfield code="b">nc</subfield><subfield code="2">rdacarrier</subfield></datafield><datafield ind1="1" ind2=" " tag="362"><subfield code="a">Ceased in 1854?</subfield><subfield code="z">Cf. Gregory, W. Amer. newspapers.</subfield></datafield><datafield ind1=" " ind2=" " tag="500"><subfield code="a">Editor: James M. Crane, &lt;1853&gt;</subfield></datafield><datafield ind1=" " ind2=" " tag="500"><subfield code="a">Publisher varies.</subfield></datafield><datafield ind1="3" ind2=" " tag="510"><subfield code="a">NUC pre-1956</subfield></datafield><datafield ind1="3" ind2=" " tag="510"><subfield code="a">Yale</subfield></datafield><datafield ind1="4" ind2=" " tag="510"><subfield code="a">Gregory E.C. Kemble, 1962,</subfield><subfield code="c">p. 104-6, 274</subfield></datafield><datafield ind1=" " ind2=" " tag="515"><subfield code="a">Suspended &lt;1852&gt;. Cf. NIM.</subfield></datafield><datafield ind1=" " ind2=" " tag="515"><subfield code="a">Suspended Jan. 1852-Dec. 1853.</subfield></datafield><datafield ind1=" " ind2=" " tag="515"><subfield code="a">Vol. 1, nos. 85-87 omitted in numbering.</subfield></datafield><datafield ind1="0" ind2=" " tag="588"><subfield code="a">New. ser., v. 2, no. 167 (Dec. 10, 1853).</subfield></datafield><datafield ind1="1" ind2=" " tag="700"><subfield code="a">Crane, James M.</subfield></datafield><datafield ind1="1" ind2=" " tag="700"><subfield code="a">Rice, Francis W.</subfield></datafield><datafield ind1="0" ind2="0" tag="780"><subfield code="t">California daily courier</subfield><subfield code="w">(DLC)sn 82015440</subfield></datafield></record>